@book{cicero,
   author = {Cicero, Marcus Tulius},
   year = {1992},
   title = {Laelius de amicitia},
   publisher = {Bolchazy-Carducci},
   address = {Wauconda, IL}
}

@article{china_thing,
 ISSN = {00129976, 23498846},
 URL = {http://www.jstor.org/stable/4409200},
 abstract = {Is there a Chinese national character which makes the process of economic reforms easier in that country? Though generalisations are risky, perhaps four characteristics of the Chinese psyche may be noted: pragmatism and adaptability, absence of deep religious feeling, nationalism and homogeneity.},
 author = {Amita Sathe},
 journal = {Economic and Political Weekly},
 number = {17},
 pages = {1439--1441},
 publisher = {Economic and Political Weekly},
 title = {Psychology of Economic Reform in China},
 volume = {35},
 year = {2000}
}


